@phdthesis{Pereira2017,
  author       = "Pereira, R. A.", 
  title        = "Velocimetria por imagens de partículas aplicada ao estudo de deformações em madeira serrada e painéis de madeira",
  school       = "Universidade Federal de Lavras",
  year         = "2017",
  address      = "Lavras",
  month        = "7"
}

%
@article{piv1,
    author =       "Ronald J. Adrian",
    title =        "Particle-Imaging Techniques for Experimental Fluid Mechanics",
    journal =      "Annual Review of Fluid Mechanics",
    volume =       "23",
    number =       "1",
    pages =        "261-304",
    year =         "1991",
}

@article{Pearson,
    author =       "Pearson, Karl",
    title =        "Note on regression and inheritance in the case of two parents",
    journal =      "Proceedings of the Royal Society of London",
    volume =       "58",
    pages =        "240-242",
    year =         "1895",
}

@article{GOUVEA,
    author =       "Gouvêa, A. F. G. et al",
    title =        "Relação entre características da madeira da polpa celulósica de Eucalyptus com métodos não destrutivos na árvore viva",
    journal =      "Scientia Forestalis, Piracicaba",
    volume =       "39",
    number=        "90",
    pages =        "205-220",
    year =         "2011",
}

@article{DEPAULA,
    author =       "De Paula, M. H. et al",
    title =        "Utilização de métodos não destrutivos para caracterização simplificada da madeira de cumaru (Dipteryx odorata Willd)",
    journal =      "Biodiversidade, Rondonópolis",
    volume =       "15",
    number=        "2",
    pages =        "136",
    year =         "2016",
}

@article{BANGALEE,
    author =       "Bangalee, M. Z. I. et al",
    title =        "Flow visualization, PIV measurement and CFD calculation for fluid-driven natural cross-ventilation in a scale model",
    journal =      "Energy and Buildings, Lausanne",
    volume =       "66",
    pages =        "306-314",
    year =         "2013",
}

@article{BRAGAJUNIOR,
    author =       "Braga J\'unior, R. A. et al",
    title =        "Maps of deformations in a cantilever beam using particle image velocimetry (PIV) and speckle patterns",
    journal =      "Revista Escola de Minas, Ouro Preto",
    volume =       "68",
    number=        "3",
    pages =        "273-278",
    year =         "2015",
}

@article{MAGALHAES,
    author =       "Magalhaes, R. R.; Braga, R. A.; Barbosa, B. H. G",
    title =        "Young׳ s Modulus evaluation using Particle Image Velocimetry and Finite Element Inverse Analysis",
    journal =      "Optics and Lasers in Engineering, London",
    volume =       "70",
    pages =        "33-37",
    year =         "2015",
}

@MastersThesis{PEREIRA,
    author =       "Pereira, R. A",
    title =        "Análise de esforços de flexão estática em madeira (Pinus Taeda) pelo método de velocimetria por imagem de partículas",
   school =        "Universidade Federal de Lavras",
    address =      "Lavras",
    year     =     "2014",
}

@article{SOUZA,
    author =       "Souza, T. M. et al.",
    title =        "Non-destructive technology associating PIV and Sunset laser to create wood deformation maps and predict failure",
    journal =      "Biosystems Engineering, London",
    volume =       "126",
    pages =        "109-116",
    year =         "2014",
}

@misc{AMERICANSOCIETY,
  author       = "American Society For Testing \& Materials", 
  title        = "ASTM D143: standard methods of testing small clear specimens of timber",
  howpublished = "Philadelphia",
  year         = "1994",
  note         = "part 16, p. 251-254"
}

@article{XU,
    author =       "Xu, S. et al",
    title =        "Estimation of turbulence characteristics from PIV in a high-pressure fan-stirred constant volume combustion chamber",
    journal =      "Applied Thermal Engineering, Oxford",
    volume =       "110",
    pages =        "346-355",
    year =         "2017",
}


